<record><leader>00000cas a22000007a 4500</leader><controlfield tag="001">30051332</controlfield><controlfield tag="008">940329d1984199ucauuu ne      0    0eng d</controlfield><datafield ind1=" " ind2=" " tag="010"><subfield code="a">sn 94017179 </subfield></datafield><datafield ind1=" " ind2=" " tag="040"><subfield code="a">CLU</subfield><subfield code="b">eng</subfield><subfield code="c">CLU</subfield><subfield code="d">CNK</subfield><subfield code="d">OCLCQ</subfield><subfield code="d">OCLCO</subfield></datafield><datafield ind1="1" ind2=" " tag="029"><subfield code="a">AU@</subfield><subfield code="b">000025902878</subfield></datafield><datafield ind1=" " ind2=" " tag="042"><subfield code="a">msc</subfield></datafield><datafield ind1=" " ind2=" " tag="043"><subfield code="a">n-us-ca</subfield></datafield><datafield ind1="0" ind2="0" tag="245"><subfield code="a">Rancho-Cheviot Hills news.</subfield></datafield><datafield ind1="1" ind2="7" tag="246"><subfield code="a">Culver City, Rancho-Cheviot</subfield></datafield><datafield ind1=" " ind2=" " tag="260"><subfield code="a">Culver City, CA :</subfield><subfield code="b">Coast Media Newspapers</subfield></datafield><datafield ind1=" " ind2=" " tag="300"><subfield code="a">v. :</subfield><subfield code="b">ill. ;</subfield><subfield code="c">43 cm.</subfield></datafield><datafield ind1="0" ind2=" " tag="362"><subfield code="a">77th year, no. 322 (Mar. 23, 1984)-</subfield></datafield><datafield ind1="1" ind2=" " tag="362"><subfield code="a">Ceased in Dec. 1991 or Jan. 1992.</subfield></datafield><datafield ind1=" " ind2="0" tag="651"><subfield code="a">Rancho Park (Los Angeles, Calif.)</subfield><subfield code="v">Newspapers.</subfield></datafield><datafield ind1=" " ind2="0" tag="651"><subfield code="a">Culver City (Calif.)</subfield><subfield code="v">Newspapers.</subfield></datafield><datafield ind1=" " ind2=" " tag="752"><subfield code="a">United States</subfield><subfield code="b">California</subfield><subfield code="c">Los Angeles</subfield><subfield code="d">Culver City.</subfield></datafield><datafield ind1="0" ind2="6" tag="785"><subfield code="t">Rancho Park news</subfield><subfield code="w">(DLC)sn 96062773</subfield></datafield><datafield ind1="0" ind2="6" tag="785"><subfield code="t">Cheviot Hills news</subfield><subfield code="w">(DLC)sn 96062774</subfield></datafield><datafield ind1=" " ind2=" " tag="850"><subfield code="a">CLU</subfield></datafield></record>